

<record>
  <leader>00637nam a2200169   4500</leader>
  <controlfield tag="001">BIBLIOPAC-005142</controlfield>
  <controlfield tag="005">20161123141504.0</controlfield>
  <controlfield tag="008">040611s1994    bl b   f     0000 0 por  </controlfield>
  <datafield tag="082" ind1="0" ind2=" ">
    <subfield code="a">001.14</subfield>
  </datafield>
  <datafield tag="090" ind1=" " ind2=" ">
    <subfield code="a">001.14</subfield>
    <subfield code="b">C776</subfield>
  </datafield>
  <datafield tag="245" ind1="1" ind2="0">
    <subfield code="a">Cooperação Brasil-França : </subfield>
    <subfield code="b">meio ambiente = </subfield>
    <subfield code="c">Ministère des affaires Etrangères, Ambassade de France en Brésil.</subfield>
  </datafield>
  <datafield tag="246" ind1="2" ind2=" ">
    <subfield code="a">Cooperation France-Brésil : </subfield>
    <subfield code="b">environnement / </subfield>
  </datafield>
  <datafield tag="260" ind1=" " ind2=" ">
    <subfield code="a">Paris : </subfield>
    <subfield code="b">Ministère des Affaires Etrangères, Ambassade de France en Brésil, </subfield>
    <subfield code="c">1994.</subfield>
  </datafield>
  <datafield tag="300" ind1=" " ind2=" ">
    <subfield code="a">78 p. : </subfield>
    <subfield code="b">mapas.</subfield>
  </datafield>
  <datafield tag="650" ind1=" " ind2="4">
    <subfield code="a">Ciências ambientais</subfield>
    <subfield code="x">Cooperação internacional.</subfield>
  </datafield>
  <datafield tag="942" ind1=" " ind2=" ">
    <subfield code="c">L</subfield>
  </datafield>
  <datafield tag="999" ind1=" " ind2=" ">
    <subfield code="c">11961</subfield>
    <subfield code="d">11961</subfield>
  </datafield>
  <datafield tag="952" ind1=" " ind2=" ">
    <subfield code="0">0</subfield>
    <subfield code="1">0</subfield>
    <subfield code="4">0</subfield>
    <subfield code="6">001_140000000000000_C776</subfield>
    <subfield code="7">0</subfield>
    <subfield code="8">G</subfield>
    <subfield code="9">15845</subfield>
    <subfield code="a">sdin</subfield>
    <subfield code="b">sdin</subfield>
    <subfield code="d">2016-11-23</subfield>
    <subfield code="l">0</subfield>
    <subfield code="o">001.14 C776</subfield>
    <subfield code="p">95-0006</subfield>
    <subfield code="r">2016-11-23</subfield>
    <subfield code="w">2016-11-23</subfield>
    <subfield code="y">L</subfield>
  </datafield>
</record>