

<record>
  <leader>00792cam a2200217 a 4500</leader>
  <controlfield tag="001">0013750</controlfield>
  <controlfield tag="005">20161124162314.0</controlfield>
  <controlfield tag="008">141217s||||     bl|||||||||||||||||por|u</controlfield>
  <datafield tag="020" ind1=" " ind2=" ">
    <subfield code="a">85-86956-03-1</subfield>
  </datafield>
  <datafield tag="082" ind1=" " ind2=" ">
    <subfield code="a">001.4</subfield>
  </datafield>
  <datafield tag="090" ind1=" " ind2=" ">
    <subfield code="a">001.4</subfield>
    <subfield code="b">F218h</subfield>
  </datafield>
  <datafield tag="245" ind1="1" ind2="0">
    <subfield code="a">FAPESP: </subfield>
    <subfield code="b"> uma história de política científica e tecnológica / </subfield>
    <subfield code="c">Fundação de Amparo à Pesquisa do Estado de São Paulo. </subfield>
  </datafield>
  <datafield tag="260" ind1=" " ind2=" ">
    <subfield code="a">São Paulo: </subfield>
    <subfield code="b">FAPESP, </subfield>
    <subfield code="c">1999. </subfield>
  </datafield>
  <datafield tag="300" ind1=" " ind2=" ">
    <subfield code="a">296p. : </subfield>
    <subfield code="b">il., color.</subfield>
  </datafield>
  <datafield tag="610" ind1="0" ind2=" ">
    <subfield code="a">Secretaria da Ciência, Tecnologia e Desenvolvimento Econômico.</subfield>
    <subfield code="b">Fundação de Amparo à Pesquisa do Estado de São Paulo</subfield>
  </datafield>
  <datafield tag="650" ind1=" " ind2=" ">
    <subfield code="a">Pesquisa e Subdesenvolvimento.</subfield>
  </datafield>
  <datafield tag="650" ind1=" " ind2=" ">
    <subfield code="a">FAPESP e globalização. </subfield>
  </datafield>
  <datafield tag="650" ind1=" " ind2=" ">
    <subfield code="a">Desafios institucionais.</subfield>
  </datafield>
  <datafield tag="700" ind1="1" ind2=" ">
    <subfield code="a">Motoyama, Shozo</subfield>
    <subfield code="c">Org.</subfield>
  </datafield>
  <datafield tag="942" ind1=" " ind2=" ">
    <subfield code="c">L</subfield>
  </datafield>
  <datafield tag="999" ind1=" " ind2=" ">
    <subfield code="c">17949</subfield>
    <subfield code="d">17949</subfield>
  </datafield>
  <datafield tag="952" ind1=" " ind2=" ">
    <subfield code="0">0</subfield>
    <subfield code="1">0</subfield>
    <subfield code="2">ddc</subfield>
    <subfield code="4">0</subfield>
    <subfield code="6">001_400000000000000_F218H</subfield>
    <subfield code="7">0</subfield>
    <subfield code="8">G</subfield>
    <subfield code="9">24228</subfield>
    <subfield code="a">sdin</subfield>
    <subfield code="b">sdin</subfield>
    <subfield code="d">2016-11-24</subfield>
    <subfield code="l">0</subfield>
    <subfield code="o">001.4 F218h</subfield>
    <subfield code="p">INPA.2014.137</subfield>
    <subfield code="r">2016-11-24</subfield>
    <subfield code="w">2016-11-24</subfield>
    <subfield code="y">L</subfield>
  </datafield>
</record>