

<record>
  <leader>00738cam a2200229 a 4500</leader>
  <controlfield tag="001">0013748</controlfield>
  <controlfield tag="005">20161124162314.0</controlfield>
  <controlfield tag="008">141217s||||     bl|||||||||||||||||por|u</controlfield>
  <datafield tag="020" ind1=" " ind2=" ">
    <subfield code="a">85-86956-04-X</subfield>
  </datafield>
  <datafield tag="082" ind1=" " ind2=" ">
    <subfield code="a">001.4</subfield>
  </datafield>
  <datafield tag="090" ind1=" " ind2=" ">
    <subfield code="a">001.4</subfield>
    <subfield code="b">F218p</subfield>
  </datafield>
  <datafield tag="245" ind1="1" ind2="0">
    <subfield code="a">Para uma história da FAPESP:  </subfield>
    <subfield code="b">marcos documentais / </subfield>
    <subfield code="c">(Org.) Shozo Motoyama, Amélia Império Hamburger, Marilda Nagamini.</subfield>
  </datafield>
  <datafield tag="260" ind1=" " ind2=" ">
    <subfield code="a">São Paulo:</subfield>
    <subfield code="b">FAPESP, </subfield>
    <subfield code="c">1999.</subfield>
  </datafield>
  <datafield tag="300" ind1=" " ind2=" ">
    <subfield code="a">247p. </subfield>
  </datafield>
  <datafield tag="650" ind1=" " ind2=" ">
    <subfield code="a">Ciência e pesquisa</subfield>
    <subfield code="z">São Paulo. </subfield>
  </datafield>
  <datafield tag="650" ind1=" " ind2=" ">
    <subfield code="a">Política científica e tecnológica.</subfield>
  </datafield>
  <datafield tag="650" ind1=" " ind2=" ">
    <subfield code="a">Ciência e tecnologia. </subfield>
  </datafield>
  <datafield tag="700" ind1="1" ind2=" ">
    <subfield code="a">Motoyama, Shozo</subfield>
    <subfield code="c">Org.</subfield>
  </datafield>
  <datafield tag="700" ind1="1" ind2=" ">
    <subfield code="a">Nagaminni, Marilda</subfield>
    <subfield code="c">Org.</subfield>
  </datafield>
  <datafield tag="700" ind1="1" ind2=" ">
    <subfield code="a">Hamburger, Amélia Império</subfield>
    <subfield code="c">Org.</subfield>
  </datafield>
  <datafield tag="942" ind1=" " ind2=" ">
    <subfield code="c">L</subfield>
  </datafield>
  <datafield tag="999" ind1=" " ind2=" ">
    <subfield code="c">17950</subfield>
    <subfield code="d">17950</subfield>
  </datafield>
  <datafield tag="952" ind1=" " ind2=" ">
    <subfield code="0">0</subfield>
    <subfield code="1">0</subfield>
    <subfield code="2">ddc</subfield>
    <subfield code="4">0</subfield>
    <subfield code="6">001_400000000000000_F218P</subfield>
    <subfield code="7">0</subfield>
    <subfield code="8">G</subfield>
    <subfield code="9">24229</subfield>
    <subfield code="a">sdin</subfield>
    <subfield code="b">sdin</subfield>
    <subfield code="d">2016-11-24</subfield>
    <subfield code="l">0</subfield>
    <subfield code="o">001.4 F218p</subfield>
    <subfield code="p">INPA.2014.135</subfield>
    <subfield code="r">2016-11-24</subfield>
    <subfield code="w">2016-11-24</subfield>
    <subfield code="y">L</subfield>
  </datafield>
</record>