

<record>
  <leader>00780nam a2200241   4500</leader>
  <controlfield tag="001">BIBLIOPAC-009006</controlfield>
  <controlfield tag="005">20161123142532.0</controlfield>
  <controlfield tag="008">080122s1999    bl     f     0000 0 por  </controlfield>
  <datafield tag="041" ind1="0" ind2=" ">
    <subfield code="a">por</subfield>
  </datafield>
  <datafield tag="082" ind1="1" ind2=" ">
    <subfield code="a">001.4</subfield>
  </datafield>
  <datafield tag="090" ind1=" " ind2=" ">
    <subfield code="a">001.4</subfield>
    <subfield code="b">J82</subfield>
  </datafield>
  <datafield tag="111" ind1="2" ind2=" ">
    <subfield code="a">Jornada Científica da fundação Oswaldo Cruz</subfield>
    <subfield code="n">(5. : </subfield>
    <subfield code="d">25 jun. 05 jul. 1999 : </subfield>
    <subfield code="c">Rio de Janeiro)</subfield>
  </datafield>
  <datafield tag="245" ind1="1" ind2="0">
    <subfield code="a">V Jornada científica de pos-graduação da FIOCRUZ:  </subfield>
    <subfield code="b">anais / </subfield>
  </datafield>
  <datafield tag="246" ind1="2" ind2=" ">
    <subfield code="a">Quinta jornada cientifica de pós-graduação da FIOCRUZ</subfield>
  </datafield>
  <datafield tag="260" ind1=" " ind2=" ">
    <subfield code="a">Rio de Janeiro: </subfield>
    <subfield code="b">FIOCRUZ, </subfield>
    <subfield code="c">1999.</subfield>
  </datafield>
  <datafield tag="300" ind1=" " ind2=" ">
    <subfield code="a">570p. </subfield>
  </datafield>
  <datafield tag="504" ind1=" " ind2=" ">
    <subfield code="a">Inclui índice.</subfield>
  </datafield>
  <datafield tag="650" ind1=" " ind2="4">
    <subfield code="a">Ciência</subfield>
    <subfield code="x">Congressos.</subfield>
  </datafield>
  <datafield tag="650" ind1=" " ind2="4">
    <subfield code="a">Pesquisa</subfield>
    <subfield code="x">Congressos.</subfield>
  </datafield>
  <datafield tag="710" ind1="2" ind2=" ">
    <subfield code="a">Ministério da Saúde</subfield>
  </datafield>
  <datafield tag="710" ind1="2" ind2=" ">
    <subfield code="a">Fundação Oswaldo Cruz</subfield>
  </datafield>
  <datafield tag="942" ind1=" " ind2=" ">
    <subfield code="c">L</subfield>
  </datafield>
  <datafield tag="999" ind1=" " ind2=" ">
    <subfield code="c">15767</subfield>
    <subfield code="d">15767</subfield>
  </datafield>
  <datafield tag="952" ind1=" " ind2=" ">
    <subfield code="0">0</subfield>
    <subfield code="1">0</subfield>
    <subfield code="4">0</subfield>
    <subfield code="6">001_400000000000000_J82</subfield>
    <subfield code="7">0</subfield>
    <subfield code="8">G</subfield>
    <subfield code="9">21423</subfield>
    <subfield code="a">sdin</subfield>
    <subfield code="b">sdin</subfield>
    <subfield code="d">2016-11-23</subfield>
    <subfield code="l">0</subfield>
    <subfield code="o">001.4 J82</subfield>
    <subfield code="p">08-0028</subfield>
    <subfield code="r">2016-11-23</subfield>
    <subfield code="w">2016-11-23</subfield>
    <subfield code="y">L</subfield>
  </datafield>
</record>